<record><leader>00000cas a2200000 a 4500</leader><controlfield tag="001">17390524</controlfield><controlfield tag="008">880125c19389999waudn ne      0   a0eng c</controlfield><datafield ind1=" " ind2=" " tag="010"><subfield code="a">sn 88085410 </subfield></datafield><datafield ind1=" " ind2=" " tag="040"><subfield code="a">SLZ</subfield><subfield code="b">eng</subfield><subfield code="c">SLZ</subfield><subfield code="d">OCL</subfield><subfield code="d">OCLCQ</subfield><subfield code="d">WAU</subfield><subfield code="d">DLC</subfield><subfield code="d">OCLCQ</subfield><subfield code="d">OCLCF</subfield><subfield code="d">CUS</subfield></datafield><datafield ind1=" " ind2=" " tag="012"><subfield code="l">a</subfield></datafield><datafield ind1="1" ind2=" " tag="022"><subfield code="a">2154-6207</subfield><subfield code="2">1</subfield></datafield><datafield ind1=" " ind2=" " tag="037"><subfield code="b">Walla Walla Union-Bulletin, First Ave. &amp; Poplar Sts., Walla Walla, WA 99362</subfield></datafield><datafield ind1=" " ind2=" " tag="042"><subfield code="a">pcc</subfield><subfield code="a">nsdp</subfield></datafield><datafield ind1=" " ind2=" " tag="043"><subfield code="a">n-us-wa</subfield></datafield><datafield ind1="1" ind2="0" tag="050"><subfield code="a">ISSN RECORD</subfield></datafield><datafield ind1=" " ind2="4" tag="050"><subfield code="a">AN</subfield></datafield><datafield ind1="1" ind2="0" tag="082"><subfield code="a">071</subfield><subfield code="2">14</subfield></datafield><datafield ind1=" " ind2="0" tag="222"><subfield code="a">Walla Walla union-bulletin</subfield></datafield><datafield ind1="0" ind2="0" tag="245"><subfield code="a">Walla Walla union-bulletin.</subfield></datafield><datafield ind1=" " ind2=" " tag="260"><subfield code="a">[Walla Walla, Wash. :</subfield><subfield code="b">Walla Walla Union-Bulletin]</subfield></datafield><datafield ind1=" " ind2=" " tag="300"><subfield code="a">v.</subfield></datafield><datafield ind1=" " ind2=" " tag="310"><subfield code="a">Daily (except Saturday)</subfield></datafield><datafield ind1="0" ind2=" " tag="362"><subfield code="a">Vol. 69, no. 233 (Jan. 16, 1938)-</subfield></datafield><datafield ind1=" " ind2=" " tag="525"><subfield code="a">Has annual supplemental issue called "Progress edition", &lt;1950-1972&gt;</subfield></datafield><datafield ind1=" " ind2="0" tag="651"><subfield code="a">Walla Walla (Wash.)</subfield><subfield code="v">Newspapers.</subfield></datafield><datafield ind1=" " ind2="7" tag="651"><subfield code="a">Washington (State)</subfield><subfield code="z">Walla Walla.</subfield><subfield code="2">fast</subfield><subfield code="0">(OCoLC)fst01208940</subfield></datafield><datafield ind1=" " ind2="7" tag="655"><subfield code="a">Newspapers.</subfield><subfield code="2">fast</subfield><subfield code="0">(OCoLC)fst01423814</subfield></datafield><datafield ind1=" " ind2=" " tag="752"><subfield code="a">United States</subfield><subfield code="b">Washington</subfield><subfield code="c">Walla Walla</subfield><subfield code="d">Walla Walla.</subfield></datafield><datafield ind1="0" ind2="8" tag="776"><subfield code="i">Online version:</subfield><subfield code="t">Walla Walla union-bulletin</subfield><subfield code="w">(DLC)  2010252577</subfield><subfield code="w">(OCoLC)524517323</subfield></datafield><datafield ind1="0" ind2="8" tag="776"><subfield code="i">Microfilm version:</subfield><subfield code="t">Walla Walla union-bulletin</subfield><subfield code="w">(OCoLC)41602650</subfield></datafield><datafield ind1="0" ind2="4" tag="780"><subfield code="t">Walla Walla union (Walla Walla, Wash. : 1911)</subfield><subfield code="w">(DLC)sn 88085407</subfield><subfield code="w">(OCoLC)17390474</subfield></datafield><datafield ind1="0" ind2="4" tag="780"><subfield code="t">Walla Walla daily bulletin</subfield></datafield><datafield ind1="4" ind2="1" tag="856"><subfield code="u">http://search.ebscohost.com/login.aspx?direct=true&amp;db=nfh&amp;jid=Walla_Walla_Union_Bulletin__WA_&amp;site=ehost-live</subfield></datafield><datafield ind1="1" ind2=" " tag="029"><subfield code="a">AU@</subfield><subfield code="b">000025817034</subfield></datafield></record>